<?xml version="1.0" encoding="UTF-8" ?><marc:collection xmlns:marc="http://www.loc.gov/MARC21/slim" xmlns:xsi="http://www.w3.org/2001/XMLSchema-instance" xsi:schemaLocation="http://www.loc.gov/MARC21/slim http://www.loc.gov/standards/marcxml/schema/MARC21slim.xsd">
<marc:record><marc:leader>04639nam a2200469 a 4500</marc:leader>
<marc:controlfield tag="001">6317</marc:controlfield>
<marc:controlfield tag="003">aeadna</marc:controlfield><marc:controlfield tag="005">20100506085700.0</marc:controlfield><marc:controlfield tag="008">971108s1926||||ua     f     n001 mdara|d</marc:controlfield><marc:datafield tag="035" ind1=" " ind2=" "><marc:subfield code="a">(Sirsi) 6317</marc:subfield></marc:datafield><marc:datafield tag="040" ind1=" " ind2=" "><marc:subfield code="a">nal</marc:subfield><marc:subfield code="b">ara</marc:subfield><marc:subfield code="e">AACR2</marc:subfield></marc:datafield><marc:datafield tag="041" ind1="0" ind2=" "><marc:subfield code="a">ara</marc:subfield></marc:datafield><marc:datafield tag="050" ind1=" " ind2="4"><marc:subfield code="a">PJ6031 </marc:subfield><marc:subfield code="b">.Q3 1926</marc:subfield></marc:datafield><marc:datafield tag="066" ind1=" " ind2=" "><marc:subfield code="c">(3</marc:subfield><marc:subfield code="c">(4</marc:subfield></marc:datafield><marc:datafield tag="082" ind1="1" ind2="0"><marc:subfield code="a">810.8</marc:subfield><marc:subfield code="b">21</marc:subfield></marc:datafield><marc:datafield tag="100" ind1="1" ind2=" "><marc:subfield code="a">القالي، أبوعلي إسماعيل بن القاسم،</marc:subfield><marc:subfield code="d">901؟-967؟.</marc:subfield></marc:datafield><marc:datafield tag="245" ind1="1" ind2="0"><marc:subfield code="a">كتاب الآمالي/</marc:subfield><marc:subfield code="c">(أبوعلي) إسماعيل بن القاسم القالي البغدادي.[ويليه] &quot; كتاب الذيل والنوادر&quot; للمؤلف. [ويليه] &quot;كتاب التنبيه على أوهام أبي علي في أماليه&quot; لأبي عبيد البكري. [ويليه]فهارس بأسماء الإعلام والقبائل والأماكن وقوافي الأبيات وغير ذلك.</marc:subfield></marc:datafield><marc:datafield tag="246" ind1="2" ind2="2"><marc:subfield code="a">كتاب ذيل الآمالي والتوادر</marc:subfield></marc:datafield><marc:datafield tag="246" ind1="2" ind2="2"><marc:subfield code="a">ذيل الآمالي والتوادر</marc:subfield></marc:datafield><marc:datafield tag="246" ind1="3" ind2="0"><marc:subfield code="a">الأمالي</marc:subfield></marc:datafield><marc:datafield tag="246" ind1="2" ind2="2"><marc:subfield code="a">كتاب التنبيه على أوهام أبي علي في أماليه</marc:subfield></marc:datafield><marc:datafield tag="246" ind1="2" ind2="2"><marc:subfield code="a">التنبيه على أوهام أبي علي في أماليه</marc:subfield></marc:datafield><marc:datafield tag="260" ind1=" " ind2=" "><marc:subfield code="a">القاهرة:</marc:subfield><marc:subfield code="b">مطبعة دار الكتب المصرية،</marc:subfield><marc:subfield code="c">1926 م.</marc:subfield></marc:datafield><marc:datafield tag="300" ind1=" " ind2=" "><marc:subfield code="a">2 ج. في 1 ؛</marc:subfield><marc:subfield code="c">26 سم.</marc:subfield></marc:datafield><marc:datafield tag="500" ind1=" " ind2=" "><marc:subfield code="a">نبذة من سيرة المؤلف : ولد أبو علي إسماعيل بن القاسم بن عيذون بن هارون بن عيسى بن محمد بن سلمان القالي في منازكرد من أعمال ديار بكر عام 288 هـ. جده سلمان كان مولى لمحمد بن عبد الملك بن مروان وفد إلى بغداد عام 303 هـ[5] في صحبة قوم في قرية &amp;#xab;قالي قلا&amp;#xbb; من أعمال أرمينية، فُنسب إليها. سمع من أبي القاسم البغوي وأبي سعيد الحسن بن علي العدوي وأبي بكر بن أبي داود السجستاني وابن دريد وأبي إسحاق الزجاج ونفطويه وابن الأنباري وابن درستويه.  ثم رحل أبو علي القالي إلى الأندلس فدخل قرطبة في 27 شعبان 330 هـ في عهد الخليفة عبد الرحمن الناصر لدين الله. وفي زمن إقامته في الأندلس، أدناه ولي العهد الحكم منه، وأغدق عليه المال لينّشطه على التأليف. وقد انتشر علمه فيها، وروى عنه عبد الله بن الربيع التميمي وأبي بكر الزبيدي وأحمد بن أبان بن سيد .توفي بقرطبة في 7 جمادى الأولى 356 هـ.</marc:subfield></marc:datafield><marc:datafield tag="500" ind1=" " ind2=" "><marc:subfield code="a">كتاب الذيل والنوادر (224صفحة) الطبعة الثانية، 1926م. وكتاب التنبيه على أوهام أبي علي في أماليه (132 صفحة). الطبعة الأولى، 1926م.</marc:subfield></marc:datafield><marc:datafield tag="500" ind1=" " ind2=" "><marc:subfield code="a">طبع على نفقة  ملتزمه اسماعيل يوسف بن دياب</marc:subfield></marc:datafield><marc:datafield tag="500" ind1=" " ind2=" "><marc:subfield code="a">يليه &quot;الذيل والنوادر&quot; للمؤلف وكتاب &quot;التنبيه&quot; لأبي عبيد البكري، وفهارس بأسماء الإعلام والقبائل والأماكن وقوافي الأبيات</marc:subfield></marc:datafield><marc:datafield tag="500" ind1=" " ind2=" "><marc:subfield code="a">حالة الكتب المادية جيدة؛ ولكنه يحتاج إلى صيانة.</marc:subfield></marc:datafield><marc:datafield tag="504" ind1=" " ind2=" "><marc:subfield code="a">فهارس أبجدية لكتابي &quot;الأمالي&quot; و&quot;التنبيه&quot; وحواشيهما (224صفحة) / عني بوضعها وترتيبها محمد عبد الجواد الأصمعي: الفهرس الأبجدي الأول: أسماء الكتب الواردة في &quot;الأمالي&quot; و&quot;التنبيه&quot; وحواشيهما. والفهرس الأبجدي الثاني: بأسماء الأعلام الواردة في &quot;الأمالي&quot; و&quot;التنبيه&quot; وحواشيهما. والفهرس الأبجدي الثالث: بأسماء الأمم والقبائل والشعوب والبيوت ونحوها الواردة في &quot;الأمالي&quot; و&quot;التنبيه&quot; وحواشهما. والفهرس الأبجدي الرابع: بأسماء البلاد والمدن والمواضع والأماكن والجبال والأنهار ونحوها الواردة في &quot;الأمالي&quot; و&quot;التنبيه&quot; وحواشهما. والفهرس الأبجدي الخامس: بأسماء قوافي الأبيات الواردة في &quot;الأمالي&quot; و&quot;التنبيه&quot; وحواشهما.</marc:subfield></marc:datafield><marc:datafield tag="520" ind1="1" ind2=" "><marc:subfield code="a"></marc:subfield></marc:datafield><marc:datafield tag="520" ind1="2" ind2=" "><marc:subfield code="a">يضم الامالي أخبارًا أدبية ومختارات من الشعر، كان يمليها أبو علي على تلاميذه. ويقف الكاتب من القارئ موقف المعلم ،فما يكاد يرد فيه نص شعرا أو نثرا إلا واتبعه المؤلف بشرح مستفيض ،وكان أبو علي يعمد إلى الاتيان بالنصوص الصعبة، أما عن محتوى الكتاب فقد ضم كثيًرا من غريب القرآن اذ يتلو الآية ثم يعرض لألفاظھا ومعانيھا ،كما اورد الكثير من الأحاديث النبوية مع شرحھا ، وضمن كتابه كثيًرا من كلام الحكماء وأحاديث البلغاء والوصايا بأنواعھا. و اھتم  بالأمثال العربية اذ أورد كثيًرا منھا في مواطن عديدة من كتابه مع شرحھا، وبيان المناسبة التي قيلت فيھا. كما كان الكتاب غزير المحتوى للنصوص الشعرية مع عناية وذوق في اختيار النص وعرضه وشرحه ،وضم  إضافة  الأراجيز . وكان يتبع دقة في الإسناد والرواية ،اذ لا يكاد المؤلف أن يذكر نًصا إلا وقد وصل إسناده إلى صاحبه عن طريق الرواية الدقيقة.</marc:subfield></marc:datafield><marc:datafield tag="541" ind1=" " ind2=" "><marc:subfield code="a">الكتاب : هدية سمو الشيخ فالح بن ناصر آل ثاني إلى مكتبة مركز الوثائق والدراسات أبو ظبي.</marc:subfield></marc:datafield><marc:datafield tag="650" ind1=" " ind2="4"><marc:subfield code="a">فقه اللغة العربية</marc:subfield><marc:subfield code="v">الأعمال المبكرة حتى 1800.</marc:subfield></marc:datafield><marc:datafield tag="650" ind1=" " ind2="4"><marc:subfield code="a">الأدب العربي</marc:subfield><marc:subfield code="v">مجموعات</marc:subfield><marc:subfield code="v">الأعمال المبكرة حتى 1800.</marc:subfield></marc:datafield><marc:datafield tag="650" ind1=" " ind2="4"><marc:subfield code="a">النوادر العربية</marc:subfield><marc:subfield code="v">مجموعات</marc:subfield><marc:subfield code="v">الأعمال المبكرة حتى 1800.</marc:subfield></marc:datafield><marc:datafield tag="650" ind1=" " ind2="4"><marc:subfield code="a">الأمثال العربية</marc:subfield><marc:subfield code="v">مجموعات</marc:subfield><marc:subfield code="v">الأعمال المبكرة حتى 1800.</marc:subfield></marc:datafield><marc:datafield tag="700" ind1="1" ind2=" "><marc:subfield code="a">البكري، أبو عبيد عبد الله بن عبد العزيز،</marc:subfield><marc:subfield code="d">1040-1094.</marc:subfield><marc:subfield code="t">التنبيه</marc:subfield></marc:datafield><marc:datafield tag="740" ind1="2" ind2=" "><marc:subfield code="a">الذيل والنوادر</marc:subfield></marc:datafield><marc:datafield tag="740" ind1="2" ind2=" "><marc:subfield code="a">التنبيه</marc:subfield></marc:datafield><marc:datafield tag="775" ind1="0" ind2=" "><marc:subfield code="a">القالي، أبوعلي إسماعيل بن القاسم،</marc:subfield><marc:subfield code="d">بيروت : دار الآفاق الجديدة، 1980م.</marc:subfield><marc:subfield code="t">كتاب الآمالي /</marc:subfield></marc:datafield><marc:datafield tag="949" ind1=" " ind2=" "><marc:subfield code="a">PJ7755 .A2 1926</marc:subfield><marc:subfield code="v">1</marc:subfield><marc:subfield code="w">LC</marc:subfield><marc:subfield code="i">30018000000561</marc:subfield><marc:subfield code="u">06/23/2003</marc:subfield><marc:subfield code="d">09/06/2010</marc:subfield><marc:subfield code="e">01/14/2009</marc:subfield><marc:subfield code="n">1</marc:subfield><marc:subfield code="t">RAR</marc:subfield><marc:subfield code="l">av</marc:subfield><marc:subfield code="m">MAIN</marc:subfield><marc:subfield code="j">0</marc:subfield><marc:subfield code="x">RAR</marc:subfield></marc:datafield></marc:record>
</marc:collection>
